<?xml version="1.0" encoding="UTF-8"?><record xmlns="http://www.loc.gov/MARC21/slim" xmlns:cinclude="http://apache.org/cocoon/include/1.0" xmlns:zs="http://www.loc.gov/zing/srw/">
  <leader>01355cz  a2200205n  4500</leader>
  <controlfield tag="001">no2012091039</controlfield>
  <controlfield tag="003">DLC</controlfield>
  <controlfield tag="005">20130328082310.0</controlfield>
  <controlfield tag="008">120706n| acannaabn          |a ana     c</controlfield>
  <datafield tag="010" ind1=" " ind2=" ">
    <subfield code="a">no2012091039</subfield>
  </datafield>
  <datafield tag="035" ind1=" " ind2=" ">
    <subfield code="a">(OCoLC)oca09242639</subfield>
  </datafield>
  <datafield tag="040" ind1=" " ind2=" ">
    <subfield code="a">DGPO</subfield>
    <subfield code="b">eng</subfield>
    <subfield code="c">DGPO</subfield>
    <subfield code="d">DLC</subfield>
  </datafield>
  <datafield tag="046" ind1=" " ind2=" ">
    <subfield code="k">20050425</subfield>
  </datafield>
  <datafield tag="110" ind1="1" ind2=" ">
    <subfield code="a">Latvia.</subfield>
    <subfield code="t">Treaties, etc.</subfield>
    <subfield code="g">United States,</subfield>
    <subfield code="d">2005 April 25</subfield>
  </datafield>
  <datafield tag="430" ind1=" " ind2="0">
    <subfield code="a">Agreement between the Department of Energy of the United States of America and the Ministry of Environment of the Republic of Latvia Concerning Cooperation in the Area of Countering the Proliferation of Nuclear Materials and Technologies</subfield>
    <subfield code="d">(2005)</subfield>
  </datafield>
  <datafield tag="430" ind1=" " ind2="0">
    <subfield code="a">Agreement between the United States of America and Latvia</subfield>
    <subfield code="d">(2005)</subfield>
  </datafield>
  <datafield tag="410" ind1="1" ind2=" ">
    <subfield code="w">nnea</subfield>
    <subfield code="a">Latvia.</subfield>
    <subfield code="t">Treaties, etc.</subfield>
    <subfield code="g">United States,</subfield>
    <subfield code="d">2005 Apr. 25</subfield>
  </datafield>
  <datafield tag="410" ind1="1" ind2=" ">
    <subfield code="a">United States.</subfield>
    <subfield code="t">Treaties, etc.</subfield>
    <subfield code="g">Latvia,</subfield>
    <subfield code="d">2005 April 25</subfield>
  </datafield>
  <datafield tag="667" ind1=" " ind2=" ">
    <subfield code="a">THIS 1XX FIELD CANNOT BE USED UNDER RDA UNTIL THIS RECORD HAS BEEN REVIEWED AND/OR UPDATED</subfield>
  </datafield>
  <datafield tag="670" ind1=" " ind2=" ">
    <subfield code="a">Atomic energy [ER] : fuel, 2012?:</subfield>
    <subfield code="b">PDF file, t.p. (Agreement between the United States of America and Latvia, signed at Washington, April 25, 2005) p. [4] (Agreement between the Department of Energy of the United States of America and the Ministry of Environment of the Republic of Latvia Concerning Cooperation in the Area of Countering the Proliferation of Nuclear Materials and Technologies)</subfield>
  </datafield>
</record>